% This is an example .bib file for paper citations.

% Citation for a paper in a conference proceedings.
@inproceedings{nesc-pldi03,
  title={The {nesC} Language: {A} Holistic Approach to Networked Embedded 
  Systems}, 
  author="David Gay and Phil Levis and Rob von Behren and Matt Welsh and 
  Eric Brewer and David Culler", 
  booktitle=proc # " Programming Language Design and Implementation (PLDI)",
  month="June", year=2003}

% Citation for a journal paper.
@article{shewchuk-delaunay,
  author="Jonathan Shewchuk",
  title="Delaunay Refinement Algorithms for Triangular Mesh Generation",
  journal="Computational Geometry: Theory and Applications",
  volume="22", number="1-3", pages="21-74", month="May", year="2002"}

% Citation for a tech report.
@techreport{irisnet-tr,
  title="{IrisNet}: {A}n Architecture for Enabling Sensor-Enriched {I}nternet Service",
  author="Suman Nath and Yan Ke and Phillip B. Gibbons and Brad Karp and Srinivasan Seshan",
  institution="Intel Research Pittsburgh",
  number="IRP-TR-03-04", month="June", year="2003"}

% Citation for a book.
@book{mpi-book,
  author="William Gropp and Ewing Lusk and Anthony Skjellum", 
  title={{Using MPI: Portable Parallel Programming with the Message 
  Passing Interface}}, 
  publisher="MIT Press", 
  address="Cambridge, Massachusetts", 
  year="1994"}

% Citation for a Web site, company, or other document that does not
% fit one of the above.
@misc{estrin-contaminant,
  author={{Center for Embedded Network Sensing}},
  title="Contaminant Transport Monitoring",
  howpublished={\url{http://cens.ucla.edu/Research/Applications/ctm.htm}}}

